% This file was created with JabRef 2.9.2.
% Encoding: Cp1252

@INCOLLECTION{Arenas2009,
  author = {Marcelo Arenas and Claudio Gutierrez and Jorge P{\'e}rez},
  title = {On the Semantics of SPARQL},
  booktitle = {Semantic Web Information Management},
  year = {2009},
  pages = {281-307},
  bibsource = {DBLP, http://dblp.uni-trier.de},
  crossref = {DBLP:books/sp/Virgilio2009},
  ee = {http://dx.doi.org/10.1007/978-3-642-04329-1_13}
}

